/Users/dennari/Documents/Bibtex/Bear_data.bib