@article{vis,
author = {van Wijk, J.J.},
isbn = {0-7803-9462-3},
journal = {VIS 05. IEEE Visualization, 2005.},
keywords = {evaluation,visualization},
pages = {79--86},
publisher = {Ieee},
title = {{The Value of Visualization}},
year = {2005}
}

@article{lansing,
author = {Gerrard, D.J.},
journal = {Research Bulletin 20, Agricultural Experiment Station},
keywords = {evaluation,visualization},
publisher = {Michigan State University},
title = {{Competition quotient: a new measure of the competition affecting individual forest trees}},
year = {1969}
}

  @Manual{R,
    title = {R: A Language and Environment for Statistical Computing},
    author = {{R Development Core Team}},
    organization = {R Foundation for Statistical Computing},
    address = {Vienna, Austria},
    year = {2011},
    note = {{ISBN} 3-900051-07-0},
    url = {http://www.R-project.org/},
  }

  @Article{spatstat,
    title = {Spatstat: an {R} package for analyzing spatial point patterns},
    author = {Adrian Baddeley and Rolf Turner},
    journal = {Journal of Statistical Software},
    volume = {12},
    number = {6},
    pages = {1--42},
    year = {2005},
    note = {{ISSN} 1548-7660},
    url = {www.jstatsoft.org},
  }
  
@book{illian,
  title={Statistical analysis and modelling of spatial point patterns},
  author={Illian, J.},
  isbn={9780470014912},
  lccn={2007045547},
  series={Statistics in practice},
  url={http://books.google.fi/books?id=\_U6BER2stYsC},
  year={2008},
  publisher={John Wiley}
}

@book{gelfand,
  title={Handbook of spatial statistics},
  author={Gelfand, A.E. and Diggle, P. and Guttorp, P.},
  isbn={9781420072877},
  lccn={2010006620},
  series={Chapman \& Hall/CRC handbooks of modern statistical methods},
  url={http://books.google.fi/books?id=Xf4leslPDzsC},
  year={2010},
  publisher={Taylor \& Francis Group}
}

@article{perry,
  title={A comparison of methods for the statistical analysis of spatial point patterns in plant ecology},
  author={Perry, G.L.W. and Miller, B.P. and Enright, N.J.},
  journal={Plant Ecology},
  volume={187},
  number={1},
  pages={59--82},
  year={2006},
  publisher={Springer}
}

@article{inhomogenousK,
  title={Non-and semi-parametric estimation of interaction in inhomogeneous point patterns},
  author={Baddeley, AJ and M{\o}ller, J. and Waagepetersen, R.},
  journal={Statistica Neerlandica},
  volume={54},
  number={3},
  pages={329--350},
  year={2000},
  publisher={Wiley Online Library}
}



@book{tufte,
  title={The visual display of quantitative information},
  author={Tufte, E.R.},
  isbn={9780961392109},
  year={1983},
  publisher={Graphics Press}
}

@misc{dataset,
author = "A. Frank and A. Asuncion",
year = "2010",
title = "{UCI} Machine Learning Repository",
url = "http://archive.ics.uci.edu/ml",
institution = "University of California, Irvine, School of Information and Computer Sciences" }